@inproceedings{takei2015evaluation,
  title={Evaluation of an FPGA-based shortest-path-search accelerator},
  author={Takei, Yasuhiro and Hariyama, Masanori and Kameyama, Michitaka},
  booktitle={Proceedings of the International Conference on Parallel and Distributed Processing Techniques and Applications (PDPTA)},
  pages={613},
  year={2015},
  organization={The Steering Committee of The World Congress in Computer Science, Computer~â€¦}
}